@misc{KOMAScriptDoc,
	title = {{KOMA-Script Documentation Project {$\vert$} Aktive Anwender verbessern KOMA-Script.}},
	year = {2019},
	month = {Feb},
	note = {[Online; accessed 18. Feb. 2019]},
	url = {https://komascript.de}
}

@misc{ArduinoMega2560,
	author 		= {Arduino.cc},
	title 		= {Arduino Mega 2560 Rev3 Overview and Guide},
	year 		= {2022},
	month 		= {Jan},
	note 		= {[Online; accessed 16, June, 2022]},
	url 		= {https://docs.arduino.cc/hardware/mega-2560}
}

@misc{MAX7219,
  author       	= {Microcontrollers Lab},
  title        	= {MAX7219 LED Dot Matrix Display Interfacing with Arduino},
  year         	= {2022},
  month        	= {Jan},
  note			= {[Online; accessed 16, June, 2022]},
  url			= {https://microcontrollerslab.com/max7219-dot-matrix-display-arduino-tutorial/}
}

@misc{KeypadMatrix,
  author       	= {Arduino Getting Started},
  title        	= {Arduino - Keypad},
  year         	= {2022},
  month        	= {Jan},
  note			= {[Online; accessed 16, June, 2022]},
  url			= {https://arduinogetstarted.com/tutorials/arduino-keypad}
}

@misc{PIRSensor,
  author       	= {Tutorials Point},
  title        	= {Arduino - PIR Sensor},
  year         	= {2022},
  month        	= {Jan},
  note			= {[Online; accessed 16, June, 2022]},
  url			= {https://www.tutorialspoint.com/arduino/arduino_pir_sensor.htm}
}

@misc{IRSensor,
  author       	= {Krishna Pattabiraman},
  title        	= {HOW TO SET UP AN IR REMOTE AND RECEIVER ON AN ARDUINO},
  year         	= {2022},
  month        	= {Jan},
  note			= {[Online; accessed 16, June, 2022]},
  url			= {https://www.circuitbasics.com/arduino-ir-remote-receiver-tutorial/}
}

@misc{LCD1602,
  author       	= {Hack star},
  title        	= {Learn To Use LCD 1602 (I2C & Parallel) With Arduino UNO},
  year         	= {2022},
  month        	= {Mar},
  note			= {[Online; accessed 16, June, 2022]},
  url			= {https://create.arduino.cc/projecthub/Hack-star-Arduino/learn-to-use-lcd-1602-i2c-parallel-with-arduino-uno-f73f07}
}

@misc{UltrasonicSensor,
  author       	= {Arduino Getting Started},
  title        	= {Arduino - Ultrasaonic Sensor},
  year         	= {2022},
  month        	= {Jan},
  note			= {[Online; accessed 16, June, 2022]},
  url			= {https://arduinogetstarted.com/tutorials/arduino-ultrasonic-sensor}
}

@misc{SoundSensor,
  author       	= {Microcontrollers Lab},
  title        	= {KY-038 Microphone Sound Sensor Module with Arduino},
  year         	= {2022},
  month        	= {Jan},
  note			= {[Online; accessed 16, June, 2022]},
  url			= {https://microcontrollerslab.com/ky-038-microphone-sound-sensor-module-arduino-tutorial/}
}

@misc{ULN2003MotorDriver,
  author       	= {Arduino Getting Started},
  title        	= {Arduino - Control 28BYJ-84 Stepper Motor using ULN2003 Driver},
  year         	= {2022},
  month        	= {Jan},
  note			= {[Online; accessed 16, June, 2022]},
  url			= {https://arduinogetstarted.com/tutorials/arduino-controls-28byj-48-stepper-motor-using-uln2003-driver}
}

@misc{DHT11Sensor,
  author       	= {Jobit Joseph},
  title        	= {Interfacing DHT11 Humidity & Temperature Sensor with Arduino},
  year         	= {2022},
  month        	= {May},
  note			= {[Online; accessed 16, June, 2022]},
  url			= {https://circuitdigest.com/microcontroller-projects/interfacing-dht11-sensor-with-arduino}
}

@misc{WaterLevelSensor,
  author       	= {Arduino getting Started},
  title        	= {Arduino - Water Sensor},
  year         	= {2022},
  month        	= {Jan},
  note			= {[Online; accessed 16, June, 2022]},
  url			= {https://arduinogetstarted.com/tutorials/arduino-water-sensor}
}

@misc{4Digit7SegDisplay,
  author       	= {Miguel},
  title        	= {Arduino 7 Segment 4 Digit LED Display Tutorial},
  year         	= {2011},
  month        	= {July},
  note			= {[Online; accessed 16, June, 2022]},
  url			= {http://allaboutee.com/2011/07/09/arduino-4-digit-7-segment-display-tutorial/}
}